@book{peterson,
  title={Linear Algebra and Differential Equations},
  author={Peterson, G.L. and Sochacki, J.S.},
  isbn={9780201662122},
  lccn={2001024930},
  url={https://books.google.com/books?id=PnRBNQAACAAJ},
  year={2002},
  publisher={Addison-Wesley}
}
